%% LaTeX2e file `bibliografia.bib'
%% generated by the `filecontents' environment
%% from source `sprawozdanie' on 2020/09/18.
%%


@book{id:Cormen2009introductionToAlgorithms,
 author = {Thomas Cormen and Charles Leiserson and Ronalds Rivest and Clifford Stein},
 title  = {„13”. Introduction to Algorithms (3rd ed.)},
 YEAR  = {2009},
}

@online{id:Morris1998data,
    author = {John Morris},
    title = {„Red–Black Trees”. Data Structures and Algorithms.},
    url  = "https://www.cs.auckland.ac.nz/software/AlgAnim/red_black.html",
    keywords = "Red-Black Trees,Morris",
    YEAR  = {1998}
}

@online{id:PatonData,
    author = {James Paton},
    title = "Red-Black Trees",
    url  = "http://pages.cs.wisc.edu/~paton/readings/Red-Black-Trees/",
}

